<?xml version="1.0" encoding="UTF-8"?><collection xmlns="http://www.loc.gov/MARC21/slim"><record><leader>00524nam--2200181-i-4500</leader><controlfield tag="001">000029036</controlfield><controlfield tag="002">20161230</controlfield><controlfield tag="005">20161230201037</controlfield><controlfield tag="008">060222s1000------------r-----000-0-eng-d</controlfield><datafield ind1=" " ind2=" " tag="040"><subfield code="a">IFIN-HH</subfield></datafield><datafield ind1=" " ind2=" " tag="080"><subfield code="a">535.375.54(021)=2</subfield></datafield><datafield ind1="1" ind2=" " tag="100"><subfield code="a">Leverenz, Humboldt W</subfield></datafield><datafield ind1="1" ind2="0" tag="245"><subfield code="a">An introduction to luminescence of solids</subfield><subfield code="c">Heumboldt w. leverenz</subfield></datafield><datafield ind1=" " ind2=" " tag="260"><subfield code="a">New York</subfield><subfield code="b">John Wiley &amp; Sons, Inc</subfield><subfield code="c">1950</subfield></datafield><datafield ind1=" " ind2=" " tag="300"><subfield code="a">XV + 569P.+ 3 F.PL</subfield></datafield><datafield ind1=" " ind2=" " tag="490"><subfield code="a">Structure Of Matter Series</subfield></datafield><datafield ind1=" " ind2=" " tag="852"><subfield code="a">615</subfield><subfield code="c">535.37</subfield></datafield><datafield ind1=" " ind2=" " tag="CAT"><subfield code="a">Sys</subfield><subfield code="c">20110413</subfield><subfield code="h">112816</subfield></datafield></record></collection>